@inproceedings{marlowe,
  author    = {Pablo Lamela Seijas and
               Simon J. Thompson},
  title     = {Marlowe: Financial Contracts on Blockchain},
  booktitle = {Leveraging Applications of Formal Methods, Verification and Validation.
               Industrial Practice --- 8th International Symposium, ISoLA 2018, Limassol,
               Cyprus, November 5--9, 2018, Proceedings, Part {IV}},
  pages     = {356--375},
  year      = {2018},
  crossref  = {DBLP:conf/isola/2018-4},
  url       = {https://doi.org/10.1007/978-3-030-03427-6\_27},
  doi       = {10.1007/978-3-030-03427-6\_27},
  timestamp = {Tue, 14 May 2019 10:00:41 +0200},
  biburl    = {https://dblp.org/rec/bib/conf/isola/SeijasT18},
  bibsource = {dblp computer science bibliography, https://dblp.org}
}
@proceedings{DBLP:conf/isola/2018-4,
  editor    = {Tiziana Margaria and
               Bernhard Steffen},
  title     = {Leveraging Applications of Formal Methods, Verification and Validation.
               Industrial Practice - 8th International Symposium, ISoLA 2018, Limassol,
               Cyprus, November 5-9, 2018, Proceedings, Part {IV}},
  series    = {Lecture Notes in Computer Science},
  volume    = {11247},
  publisher = {Springer},
  year      = {2018},
  url       = {https://doi.org/10.1007/978-3-030-03427-6},
  doi       = {10.1007/978-3-030-03427-6},
  isbn      = {978-3-030-03426-9},
  timestamp = {Tue, 14 May 2019 10:00:41 +0200},
  biburl    = {https://dblp.org/rec/bib/conf/isola/2018-4},
  bibsource = {dblp computer science bibliography, https://dblp.org}
}

@inproceedings{fsolidm,
  author    = {Anastasia Mavridou and
               Aron Laszka},
  title     = {Designing Secure {Ethereum} Smart Contracts: {A} Finite State Machine
               Based Approach},
  booktitle = {Financial Cryptography and Data Security - 22nd International Conference,
               {FC} 2018, Nieuwpoort, Cura{\c{c}}ao, February 26 - March 2, 2018,
               Revised Selected Papers},
  pages     = {523--540},
  year      = {2018},
  crossref  = {DBLP:conf/fc/2018},
  url       = {https://doi.org/10.1007/978-3-662-58387-6\_28},
  doi       = {10.1007/978-3-662-58387-6\_28},
  timestamp = {Fri, 30 Aug 2019 11:18:49 +0200},
  biburl    = {https://dblp.org/rec/bib/conf/fc/MavridouL18},
  bibsource = {dblp computer science bibliography, https://dblp.org}
}

@misc{Cardano,
title = {Cardano},
howpublished={\url{https://www.cardano.org/en/home/}},
year = {2015-2019}
}

@article{Zahnentferner18-Chimeric,
  author    = {Joachim Zahnentferner},
  title     = {Chimeric Ledgers: Translating and Unifying {UTxO}-based and Account-based
               Cryptocurrencies},
  journal   = {{IACR} Cryptology ePrint Archive},
  volume    = {2018},
  pages     = {262},
  year      = {2018},
  url       = {http://eprint.iacr.org/2018/262},
  timestamp = {Tue, 14 Aug 2018 17:08:26 +0200},
  biburl    = {https://dblp.org/rec/bib/journals/iacr/Zahnentferner18},
  bibsource = {dblp computer science bibliography, https://dblp.org}
}


@article{Zahnentferner18-UTxO,
  author    = {Joachim Zahnentferner},
  title     = {An Abstract Model of {UTxO}-based Cryptocurrencies with Scripts},
  journal   = {{IACR} Cryptology ePrint Archive},
  volume    = {2018},
  pages     = {469},
  year      = {2018},
  url       = {https://eprint.iacr.org/2018/469},
  timestamp = {Tue, 14 Aug 2018 17:08:11 +0200},
  biburl    = {https://dblp.org/rec/bib/journals/iacr/Zahnentferner18a},
  bibsource = {dblp computer science bibliography, https://dblp.org}
}


@misc{Bitcoin-script,
title={{Bitcoin Script} reference guide},
year={2013--2018},
howpublished={\url{https://en.bitcoin.it/wiki/Script}}
}

@misc{Nakamoto,
title={{Bitcoin: A Peer-to-Peer Electronic Cash System}},
author={S. Nakamoto},
month={October},
year={2008},
howpublished={\url{https://bitcoin.org/en/bitcoin-paper}}
}

@misc{Solidity,
title={{Solidity documentation}},
author = {{Ethereum Foundation}},
year = {2016--2019},
howpublished={\url{https://solidity.readthedocs.io/}}
}

@misc{ERC-721,
title={{ERC-721} standard for non-fungible tokens in {Ethereum}},
author= {Ethereum},
year = {2017},
howpublished={\url{http://erc721.org/}}
}
% Who exactly should the author be?

@inproceedings{Simplicity,
  author = {Russel O'Connor},
  title = {Simplicity: A New Language for Blockchains},
  booktitle = {Proceedings of the 2017 Workshop on Programming Languages and Analysis for Security},
  year = {2017}
}


@book{Narayanan-bitcoin,
 author = {Narayanan, Arvind and Bonneau, Joseph and Felten, Edward and Miller, Andrew and Goldfeder, Steven},
 title = {Bitcoin and Cryptocurrency Technologies: A Comprehensive Introduction},
 year = {2016},
 isbn = {0691171696, 9780691171692},
 publisher = {Princeton University Press},
 address = {Princeton, NJ, USA},
}

@techreport{Cardano-wallet-spec,
author = {Duncan Coutts and Edsko de Vries},
title = {Formal specification for a {Cardano} wallet},
note={Available at \url{https://cardanodocs.com/files/formal-specification-of-the-cardano-wallet.pdf}},
institution={IOHK},
year={2018}
}

@techreport{Cardano-ledger-spec,
title = {A Formal Specification of the {Cardano} Ledger},
author={Jared Corduan and Polina Vinogradova and Matthias G{\"u}demann},
note={Available at \url{https://github.com/input-output-hk/cardano-ledger-specs}},
institution={IOHK},
year={2019}
}


@techreport{Plutus-Core-spec,
title = {Formal Specification of the {Plutus Core} Language},
note={Available at \url{https://github.com/input-output-hk/plutus/tree/master/plutus-core-spec}},
author={IOHK},
institution={IOHK},
year={2019}
}


@book{Plutus-book,
title={Plutus: Writing Reliable Smart Contracts},
author={Lars Br{\"u}njes and Polina Vinogradova},
note={Available at \url{https://github.com/input-output-hk/plutus/tree/master/plutus-book}},
institution={IOHK},
year={2019}
}

%%%%%%%%%%%%%%%%%%%%%%%%%%%%

@misc{formal-eutxo,
  title={Formal Investigation of the {Extended UTxO} Model ({Extended Abstract})},
  author={Melkonian, Orestis and Swierstra, Wouter and Chakravarty, Manuel MT},
  booktitle={4th ACM SIGPLAN International Workshop on Type-Driven Development (TyDe)},
  howpublished={\url{https://omelkonian.github.io/data/publications/formal-utxo.pdf}},
  year={2019}
}

@inproceedings{bitml,
  title={{BitML}: a calculus for {Bitcoin} smart contracts},
  author={Bartoletti, Massimo and Zunino, Roberto},
  booktitle={Proceedings of the 2018 ACM SIGSAC Conference on Computer and Communications Security},
  pages={83--100},
  year={2018},
  organization={ACM}
}


%% BibTex ignores the next item because the "at" sign has been removed.
%% This is deliberate because we referred to two versions of the same thing.
article{bitcoin-model,
  title={A formal model of {Bitcoin} transactions.},
  author={Atzei, Nicola and Bartoletti, Massimo and Lande, Stefano and Zunino, Roberto},
  journal={IACR Cryptology ePrint Archive},
  volume={2017},
  pages={1124},
  year={2017}
 }

@inproceedings{formal-model-of-bitcoin-transactions,
  author    = {Nicola Atzei and
               Massimo Bartoletti and
               Stefano Lande and
               Roberto Zunino},
  title     = {A Formal Model of {Bitcoin} Transactions},
  booktitle = {Financial Cryptography and Data Security - 22nd International Conference,
               {FC} 2018, Nieuwpoort, Cura{\c{c}}ao, February 26 - March 2, 2018,
               Revised Selected Papers},
  pages     = {541--560},
  year      = {2018},
  crossref  = {DBLP:conf/fc/2018},
  url       = {https://doi.org/10.1007/978-3-662-58387-6\_29},
  doi       = {10.1007/978-3-662-58387-6\_29},
  timestamp = {Fri, 30 Aug 2019 11:18:49 +0200},
  biburl    = {https://dblp.org/rec/bib/conf/fc/AtzeiBLZ18},
  bibsource = {dblp computer science bibliography, https://dblp.org}
}

@proceedings{DBLP:conf/fc/2018,
  editor    = {Sarah Meiklejohn and
               Kazue Sako},
  title     = {Financial Cryptography and Data Security --- 22nd International Conference,
               {FC} 2018, Nieuwpoort, Cura{\c{c}}ao, February 26--March 2, 2018,
               Revised Selected Papers},
  series    = {Lecture Notes in Computer Science},
  volume    = {10957},
  publisher = {Springer},
  year      = {2018},
  url       = {https://doi.org/10.1007/978-3-662-58387-6},
  doi       = {10.1007/978-3-662-58387-6},
  isbn      = {978-3-662-58386-9},
  timestamp = {Fri, 30 Aug 2019 11:17:01 +0200},
  biburl    = {https://dblp.org/rec/bib/conf/fc/2018},
  bibsource = {dblp computer science bibliography, https://dblp.org}
}

@article{scilla,
  title={Safer smart contract programming with {Scilla}},
  author={Sergey, Ilya and Nagaraj, Vaivaswatha and Johannsen, Jacob and Kumar, Amrit and Trunov, Anton and Hao, Ken Chan Guan},
  journal={Proceedings of the ACM on Programming Languages},
  volume={3},
  number={OOPSLA},
  pages={185},
  year={2019},
  publisher={ACM}
}
@article{scilla-arxiv,
  title={Scilla: a smart contract intermediate-level language},
  author={Sergey, Ilya and Kumar, Amrit and Hobor, Aquinas},
  journal={arXiv preprint arXiv:1801.00687},
  year={2018}
}
@inproceedings{csta,
  title={Communicating state transition systems for fine-grained concurrent resources},
  author={Nanevski, Aleksandar and Ley-Wild, Ruy and Sergey, Ilya and Delbianco, Germ{\'a}n Andr{\'e}s},
  booktitle={European Symposium on Programming Languages and Systems},
  pages={290--310},
  year={2014},
  organization={Springer}
}

@inproceedings{timed-btc,
  title={Modeling {bitcoin} contracts by timed automata},
  author={Andrychowicz, Marcin and Dziembowski, Stefan and Malinowski, Daniel and Mazurek, {\L}ukasz},
  booktitle={International Conference on Formal Modeling and Analysis of Timed Systems},
  pages={7--22},
  year={2014},
  organization={Springer}
}
@article{uppaal,
  title={{UPPAAL} in a nutshell},
  author={Larsen, Kim G and Pettersson, Paul and Yi, Wang},
  journal={International journal on software tools for technology transfer},
  volume={1},
  number={1-2},
  pages={134--152},
  year={1997},
  publisher={Springer-Verlag}
}

@article{moore,
  title={Gedanken-experiments on sequential machines},
  author={Moore, Edward F},
  journal={Automata studies},
  volume={34},
  pages={129--153},
  year={1956}
}
@article{mealy,
  title={A method for synthesizing sequential circuits},
  author={Mealy, George H},
  journal={The Bell System Technical Journal},
  volume={34},
  number={5},
  pages={1045--1079},
  year={1955},
  publisher={Nokia Bell Labs}
}

@misc{cbor,
  title = {{RFC 7049 - Concise Binary Object Representation (CBOR)}},
  howpublished = {\url{https://tools.ietf.org/html/rfc7049}},
  month = oct,
  year = {2013},
  note = {Accessed: 2020-01-01},
  author={IETF}
}

@book{sangiorgi,
  author = {Davide Sangiorgi},
  title = {Introduction to Bisimulation and Coinduction},
  year = {2012},
  publisher = {Cambridge University Press},
  isbn = 9781107003637
}

@misc{DAO-attack,
  title={The Story of the {DAO} --- Its History and Consequences},
  author={Falkon, Samuel},
  howpublished={\url{https://medium.com/swlh/the-story-of-the-dao-its-history-and-consequences-71e6a8a551ee}},
  date={24th December},
  note={medium.com},
  year={2017}
}

@inproceedings{moser2016bitcoin,
  title={Bitcoin covenants},
  author={M{\"o}ser, Malte and Eyal, Ittay and Sirer, Emin G{\"u}n},
  booktitle={International Conference on Financial Cryptography and Data Security},
  pages={126--141},
  year={2016},
  organization={Springer}
}


