@misc{Cardano,
title = {Cardano},
howpublished={\url{https://www.cardano.org/en/home/}},
year = {2015-2019}
}

@article{Zahnentferner18-Chimeric,
  author    = {Joachim Zahnentferner},
  title     = {Chimeric Ledgers: Translating and Unifying {UTxO}-based and Account-based
               Cryptocurrencies},
  journal   = {{IACR} Cryptology ePrint Archive},
  volume    = {2018},
  pages     = {262},
  year      = {2018},
  url       = {http://eprint.iacr.org/2018/262},
  timestamp = {Tue, 14 Aug 2018 17:08:26 +0200},
  biburl    = {https://dblp.org/rec/bib/journals/iacr/Zahnentferner18},
  bibsource = {dblp computer science bibliography, https://dblp.org}
}


@article{Zahnentferner18-UTxO,
  author    = {Joachim Zahnentferner},
  title     = {An Abstract Model of {UTxO}-based Cryptocurrencies with Scripts},
  journal   = {{IACR} Cryptology ePrint Archive},
  volume    = {2018},
  pages     = {469},
  year      = {2018},
  url       = {https://eprint.iacr.org/2018/469},
  timestamp = {Tue, 14 Aug 2018 17:08:11 +0200},
  biburl    = {https://dblp.org/rec/bib/journals/iacr/Zahnentferner18a},
  bibsource = {dblp computer science bibliography, https://dblp.org}
}


@misc{Bitcoin-script,
title={{Bitcoin Script} reference guide},
year={2013--2018},
howpublished={\url{https://en.bitcoin.it/wiki/Script}}
}

@misc{Nakamoto,
title={{Bitcoin: A Peer-to-Peer Electronic Cash System}},
author={S. Nakamoto},
month={October},
year={2008},
howpublished={\url{https://bitcoin.org/en/bitcoin-paper}}
}

@misc{Solidity,
title={{Solidity documentation}},
year = {2016--2019},
howpublished={\url{https://solidity.readthedocs.io/}}
}

@misc{ERC-721,
title={{ERC-721 standard for non-fungible tokens in Ethereum}},
author= {Ethereum},
year = {2017},
howpublished={\url{http://erc721.org/}}
}
% Who exactly should the author be?

@inproceedings{Simplicity,
  author = {Russel O'Connor},
  title = {Simplicity: A New Language for Blockchains},
  booktitle = {Proceedings of the 2017 Workshop on Programming Languages and Analysis for Security},
  year = {2017}
}


@book{Narayanan-bitcoin,
 author = {Narayanan, Arvind and Bonneau, Joseph and Felten, Edward and Miller, Andrew and Goldfeder, Steven},
 title = {Bitcoin and Cryptocurrency Technologies: A Comprehensive Introduction},
 year = {2016},
 isbn = {0691171696, 9780691171692},
 publisher = {Princeton University Press},
 address = {Princeton, NJ, USA},
} 

@techreport{Cardano-wallet-spec,
author = {Duncan Coutts and Edsko de Vries},
title = {Formal specification for a {Cardano} wallet},
note={Available at \url{https://cardanodocs.com/files/formal-specification-of-the-cardano-wallet.pdf}},
institution={IOHK},
year={2018}
}

@techreport{Cardano-ledger-spec,
title = {A Formal Specification of the {Cardano} Ledger},
author={Jared Corduan and Polina Vinogradova and Matthias G{\"u}demann},
note={Available at \url{https://github.com/input-output-hk/cardano-ledger-specs}},
institution={IOHK},
year={2019}
}


@techreport{Plutus-Core-spec,
title = {{Formal Specification of the Plutus Core Language}},
note={Available at \url{https://github.com/input-output-hk/plutus/tree/master/plutus-core-spec}},
author={IOHK},
institution={IOHK},
year={2019}
}


@book{Plutus-book,
title={{Plutus: Writing Reliable Smart Contracts}},
author={Lars Br{\"u}njes and Polina Vinogradova},
note={Available at \url{https://github.com/input-output-hk/plutus/tree/master/plutus-book}},
institution={IOHK},
year={2019}
}