% Things in the Plutus repo or nearby

@online{plutus-repo,
  title = {The Plutus repository},
  url = {https://github.com/input-output-hk/plutus}
}

@online{plutus-playgrounds,
  title = {The Plutus Playground},
  url = {https://testnet.iohkdev.io/plutus/}
}

@online{plutus-core-spec,
  title = {Formal specification of the Plutus Core language},
  url = {https://hydra.iohk.io/job/Cardano/plutus/docs.plutus-core-spec.x86_64-linux/latest/download-by-type/doc-pdf/plutus-core-specification}
}

@online{eutxo,
  title = {The Extended UTXO Model},
  url = {https://hydra.iohk.io/job/Cardano/plutus/docs.extended-utxo-spec.x86_64-linux/latest/download-by-type/doc-pdf/extended-utxo-specification}
}

@online{haskell-nix-repo,
  title = {The haskell.nix repository},
  url = {https://github.com/input-output-hk/haskell.nix}
}

@online{ghcjs-repo,
  title = {The GHCJS repository},
  url = {https://github.com/ghcjs/ghcjs}
}

@online{asterius-repo,
  title = {The Asterius repository},
  url = {https://github.com/tweag/asterius}
}

% IOHK papers

@inproceedings{chakravarty2020extended,
  title={The extended UTxO model},
  author={Chakravarty, Manuel MT and Chapman, James and MacKenzie, Kenneth and Melkonian, Orestis and Jones, Michael Peyton and Wadler, Philip},
  booktitle={4th Workshop on Trusted Smart Contracts},
  year={2020},
  url={https://hydra.iohk.io/job/Cardano/plutus/papers.eutxo.x86_64-linux/latest/download-by-type/doc-pdf/eutxo}
}

@inproceedings{peytonjones2019unraveling,
  title={Unraveling recursion: compiling an IR with recursion to system F},
  author={Peyton Jones, Michael and Gkoumas, Vasilis and Kireev, Roman and MacKenzie, Kenneth and Nester, Chad and Wadler, Philip},
  booktitle={International Conference on Mathematics of Program Construction},
  pages={414--443},
  year={2019},
  organization={Springer},
  url={https://hydra.iohk.io/job/Cardano/plutus/papers.unraveling-recursion.x86_64-linux/latest/download-by-type/doc-pdf/unraveling-recursion}
}

@inproceedings{chapman2019system,
  title={System F in Agda, for fun and profit},
  author={Chapman, James and Kireev, Roman and Nester, Chad and Wadler, Philip},
  booktitle={International Conference on Mathematics of Program Construction},
  pages={255--297},
  year={2019},
  organization={Springer},
  url={https://hydra.iohk.io/job/Cardano/plutus/papers.system-f-in-agda.x86_64-linux/latest/download-by-type/doc-pdf/paper}
}

% TODO: improve once this is more published
@article{chakravartyhydra,
  title={Hydra: Fast Isomorphic State Channels},
  author={Chakravarty, Manuel MT and Coretti, Sandro and Fitzi, Matthias and Gazi, Peter and Kant, Philipp and Kiayias, Aggelos and Russell, Alexander},
  year = {2020},
  howpublished = {\url{https://eprint.iacr.org/2020/299.pdf}}
}

% External citations

@phdthesis{Girard-thesis,
  author = {Jean-Yves Girard},
  title = {Interprétation fonctionnelle et élimination des
                 coupures de l'arith\-mé\-ti\-que d'ordre supérieur},
  school = {Universit{\'e} Paris 7},
  type = {Th\`ese d'\'Etat},
  month = jun,
  year = {1972}
}

@article{jones1998transformation,
  author = {Peyton Jones, Simon L. and Santos, Andr{\'e} L. M.},
  title = {A Transformation-based Optimiser for Haskell},
  journal = {Sci. Comput. Program.},
  issue_date = {Sept. 1998},
  volume = {32},
  number = {1-3},
  month = sep,
  year = {1998},
  issn = {0167-6423},
  pages = {3--47},
  numpages = {45},
  url = {http://dx.doi.org/10.1016/S0167-6423(97)00029-4},
  doi = {10.1016/S0167-6423(97)00029-4},
  acmid = {299621},
  publisher = {Elsevier North-Holland, Inc.},
  address = {Amsterdam, The Netherlands, The Netherlands},
  keywords = {compilers, functional languages, let-floating, linear type system, optimisation, second-order lambda calculus, strict analysis, transformation},
}

@book{pierce2002types,
  title={Types and Programming Languages},
  author={Pierce, Benjamin C.},
  year={2002},
  isbn={0-262-16209-1},
  publisher={MIT press}
}

@book{harper2012practical,
 author = {Robert Harper},
 title = {Practical Foundations for Programming Languages},
 year = {2012},
 publisher = {Cambridge University Press},
 address = {New York, NY, USA}
}

@online{inline-java-blog-post,
  author = {Dom\'inguez, Facundo and Boespflug, Mathieu},
  title = {{GHC }compiler plugins in the wild: typing {Java}},
  url={https://www.tweag.io/posts/2017-09-22-inline-java-ghc-plugin.html},
}

@article{Zahnentferner18-Chimeric,
  author    = {Joachim Zahnentferner},
  title     = {Chimeric Ledgers: Translating and Unifying {UTxO}-based and Account-based
               Cryptocurrencies},
  journal   = {{IACR} Cryptology ePrint Archive},
  volume    = {2018},
  pages     = {262},
  year      = {2018},
  url       = {http://eprint.iacr.org/2018/262},
  timestamp = {Tue, 14 Aug 2018 17:08:26 +0200},
  biburl    = {https://dblp.org/rec/bib/journals/iacr/Zahnentferner18},
  bibsource = {dblp computer science bibliography, https://dblp.org}
}


@article{Zahnentferner18-UTxO,
  author    = {Joachim Zahnentferner},
  title     = {An Abstract Model of {UTxO}-based Cryptocurrencies with Scripts},
  journal   = {{IACR} Cryptology ePrint Archive},
  volume    = {2018},
  pages     = {469},
  year      = {2018},
  url       = {https://eprint.iacr.org/2018/469},
  timestamp = {Tue, 14 Aug 2018 17:08:11 +0200},
  biburl    = {https://dblp.org/rec/bib/journals/iacr/Zahnentferner18a},
  bibsource = {dblp computer science bibliography, https://dblp.org}
}

@online{ERC-721,
  title={{ERC-721 standard for non-fungible tokens in Ethereum}},
  url={http://erc721.org/}
}

@online{cbor,
  title = {{RFC 7049 - Concise Binary Object Representation (CBOR)}},
  url = {https://tools.ietf.org/html/rfc7049},
  author={IETF}
}
