@book{Pierce:TAPL,
  author = {Benjamin C. Pierce},
  title = {Types and Programming Languages},
  publisher = {MIT Press},
  year = 2002,
  plclub = {Yes},
  bcp = {Yes},
  keys = {books},
  homepage = {http://www.cis.upenn.edu/~bcpierce/tapl},
  errata = {http://www.cis.upenn.edu/~bcpierce/tapl/errata.txt}
}

@book{Pierce:ATTAPL,
  editor = {Benjamin C. Pierce},
  title = {Advanced Topics in Types and Programming Languages},
  publisher = {MIT Press},
  year = 2005,
  plclub = {Yes},
  bcp = {Yes},
  keys = {books},
  homepage = {http://www.cis.upenn.edu/~bcpierce/attapl}
}

@book{Harper:PFPL,
 author = {Harper, Robert},
 title = {Practical Foundations for Programming Languages},
 year = {2012},
 isbn = {1107029570, 9781107029576},
 publisher = {Cambridge University Press},
 address = {New York, NY, USA}
} 

@inproceedings{Felleisen-CK-CEK,
    author = {Felleisen, Matthias and Friedman, Daniel P.},
    booktitle = {3rd Working Conference on the Formal Description of Programming Concepts},
    citeulike-article-id = {5906202},
    keywords = {cek},
    month = aug,
    posted-at = {2011-07-13 07:58:05},
    priority = {2},
    title = {{Control operators, the SECD-machine, and the lambda-calculus}},
    year = {1986}
}

@article{Friedman,
 author = {Friedman, Daniel P. and Ghuloum, Abdulaziz and Siek, Jeremy G. and Winebarger, Onnie Lynn},
 title = {Improving the {L}azy {K}rivine {M}achine},
 journal = {Higher Order Symbol. Comput.},
 issue_date = {September 2007},
 volume = {20},
 number = {3},
 month = sep,
 year = {2007},
 issn = {1388-3690},
 pages = {271--293},
 numpages = {23},
 url = {http://dx.doi.org/10.1007/s10990-007-9014-0},
 doi = {10.1007/s10990-007-9014-0},
 acmid = {1325155},
 publisher = {Kluwer Academic Publishers},
 address = {Hingham, MA, USA},
 keywords = {Abstract machine, Call by need, Lambda calculus, Lazy evaluation},
} 

