@misc{pascalCoin,
  title={Pascal coin},
  url={https://github.com/PascalCoin/PascalCoin/raw/master/PascalCoin%20White%20Paper%20-%20EN.pdf}
}
@misc{script,
  title={Bitcoin script},
  author={bitcoin Wiki},
  url={https://en.bitcoin.it/wiki/Script}
}
@misc{eth2016dos,
  title={The Ethereum network is currently undergoing a DoS attack},
  url={https://blog.ethereum.org/2016/09/22/ethereum-network-currently-undergoing-dos-attack/}
}
@inproceedings{atzei2017survey,
  title={A Survey of Attacks on Ethereum Smart Contracts (SoK)},
  author={Atzei, Nicola and Bartoletti, Massimo and Cimoli, Tiziana},
  booktitle={International Conference on Principles of Security and Trust},
  pages={164--186},
  year={2017},
  organization={Springer}
}
@article{EthereumWhitePaper,
  title={Ethereum: A Next Generation Smart Contract \& Decentralized Application Platform},
  author={Buterin, Vitalik},
  journal={Ethereum Project White Paper},
  url={http://www.the-blockchain.com/docs/Ethereum_white_paper-a_next_generation_smart_contract_and_decentralized_application_platform-vitalik-buterin.pdf},
  year={2014}
}
@article{EthereumYellowPaper,
  title={Ethereum: A Secure Decentralised Generalised Transaction Ledger},
  author={Wood, Gavin},
  journal={Ethereum Project Yellow Paper},
  url={https://ethereum.github.io/yellowpaper/paper.pdf},
  year={2014}
}
@inproceedings{vasek2014empirical,
  title={Empirical analysis of denial-of-service attacks in the Bitcoin ecosystem},
  author={Vasek, Marie and Thornton, Micah and Moore, Tyler},
  booktitle={International Conference on Financial Cryptography and Data Security},
  pages={57--71},
  year={2014},
  organization={Springer}
}
@book{gesell1958natural,
  title={The natural economic order},
  author={Gesell, Silvio and Pye, Philip},
  year={1958},
  publisher={Owen}
}
@article{BillWhite,
  author = {Bill White},
  title = {A Theory for Lightweight Cryptocurrency Ledgers},
  year = {2015},
  url = {https://github.com/ceilican/ledgertheory/blob/master/lightcrypto.pdf}
}
@article{FormalModelBitcoinTransactions,
  title = {A Formal Model of Bitcoin Transactions},
  author = {Nicola Atzei and Massimo Bartoletti and Stefano Lande and Roberto Zunino},
  year = {2017},
  url = {https://eprint.iacr.org/2017/1124.pdf},
  journal = {Cryptology ePrint Archive}
}
@techreport{ScorexTutorial,
  title = {The Blockchain and the Scorex Tutorial},
  author = {Alexander Chepurnoy},
  url = {https://github.com/ScorexFoundation/ScorexTutorial/blob/master/scorex.pdf},
  institution = {Scorex Foundation},
  year = {2016}
}
@inproceedings{SidechainsOuroboros,
  title = {Sidechains for Proof-of-Stake Blockchain},
  author = {Peter Gazi and Aggelos Kiayias and Dionysis Zindros},
  booktitle = {Submitted},
  pages = {1 -- 15},
  year = {2018}
}
@misc{SoliditySecurity,
  title = {Solidity Documentation: Security Considerations},
  url   = {http://solidity.readthedocs.io/en/v0.4.23/security-considerations.html}, 
  year  = {2016--2017},
  note  = {Revision 124ca40d}
}
@misc{Solidity,
  title = {Solidity Documentation},
  url   = {http://solidity.readthedocs.io/en/v0.4.23/}, 
  year  = {2016--2017},
  note  = {Revision 124ca40d}
}
@misc{ChimericLedgers,
    author = {Joachim Zahnentferner},
    title = {Chimeric Ledgers: Translating and Unifying UTXO-based and Account-based Cryptocurrencies},
    howpublished = {Cryptology ePrint Archive, Report 2018/262},
    year = {2018},
    note = {\url{https://eprint.iacr.org/2018/262}},
}
@misc{UTxOScripts,
    author = {Joachim Zahnentferner},
    title = {An Abstract Model of UTxO-based Cryptocurrencies with Scripts},
    year = {2018}
}
@article{BitcoinTransaction,
  title = {Transaction},
  journal = {Bitcoin Wiki},
  year = {2017},
  month = {July},
  day = {25},
  url = {https://en.bitcoin.it/wiki/Transaction}
}
@misc{OpCheckSig,
  title = {{OP\_CHECKSIG}},
  howpublished = {Bitcoin Wiki},
  year = {2018},
  month = {January},
  day = {17},
  url = {https://en.bitcoin.it/wiki/OP_CHECKSIG}
}
@misc{freicoin,
  title={Freimarkets: extending bitcoin protocol with user-specified bearer instruments, peer-to-peer exchange, off-chain accounting, auctions, derivatives and transitive transactions},
  author={Friedenbach, Mark and Tim{\'o}n, Jorge},
  year={2013}
}
@misc{tezosScript,
  title={MICHELSON: the language of smart contracts in tezos},
  author={L.M. Goodmani},
  url={https://tezos.com/pages/tech.html}
}
@misc{spvMining,
  title={SPV mining},
  url={https://bitcoin.org/en/alert/2015-07-04-spv-mining}
}
@inproceedings{reyzin2016improving,
  title={Improving Authenticated Dynamic Dictionaries, with Applications to Cryptocurrencies},
  author={Reyzin, Leonid and Meshkov, Dmitry and Chepurnoy, Alexander and Ivanov, Sasha},
  booktitle={International Conference on Financial Cryptography and Data Security},
  year={2017}
}
@inproceedings{seijas2016scripting,
  title={Scripting smart contracts for distributed ledger technology},
  author={Seijas, Pablo Lamela and Thompson, Simon and McAdams, Darryl},
  booktitle={International Conference on Financial Cryptography and Data Security},
  year={2017}
}
@misc{utxoChart,
  title={Number of Unspent Transaction Outputs},
  author={Blockchain.info},
  url={https://blockchain.info/charts/utxo-count?timespan=all}
}
@misc{utxoSerialized,
  title={UTXO serialized size},
  author={Statoshi.info},
  url={http://statoshi.info/dashboard/db/unspent-transaction-output-set?panelId=8&fullscreen}
}
@misc{bitcoin2015flood,
  title={July 2015 flood attack},
  author={Bitcoin\_Wiki},
  url={https://en.bitcoin.it/wiki/July_2015_flood_attack}
}
@misc{sawtooth,
  title={Hyperledger Sawtooth},
  author={Hyperledger website},
  url={https://hyperledger.org/projects/sawtooth}
}
@misc{fabric,
  title={Hyperledger Fabric},
  author={Hyperledger website},
  url={https://hyperledger.org/projects/fabric}
}
@misc{exonum,
  title={Exonum - A framework for blockchain solutions},
  author={Bitfury Group},
  url={https://exonum.com/}
}
@misc{scorex,
  title={Scorex 2.0 code repository},
  author={IOHK},
  url={https://github.com/ScorexFoundation/Scorex}
}
@inproceedings{Garay2015,
  title={The bitcoin backbone protocol: Analysis and applications},
  author={Garay, Juan and Kiayias, Aggelos and Leonardos, Nikos},
  booktitle={Annual International Conference on the Theory and Applications of Cryptographic Techniques},
  pages={281--310},
  year={2015},
  organization={Springer}
}
@article{Nakamoto2008,
  title={Bitcoin: A Peer-to-Peer Electronic Cash System},
  author={Nakamoto, Satoshi},
  year={2008}
}
@misc{Bisq,
  title={Bisq: The Peer-to-Peer Bitcoin Exchange},
  url={https://github.com/bisq-network/docs/blob/master/exchange/whitepaper.adoc}
}
@misc{Litecoin,
  title={Litecoin},
  url={https://litecoin.com/}
}
@misc{BitcoinCash,
  title={BitcoinCash},
  url={https://www.bitcoincash.org}
}
@misc{ColoredCoins,
  title={Colored Coins},
  url={https://coloredcoins.org}
}
@misc{OpenAssets,
  title={Open Assets},
  url={https://github.com/OpenAssets}
}
@misc{MasterCoin,
  title={MasterCoin OmniProtocol},
  url={https://github.com/OmniLayer/spec}
}
@misc{Counterparty,
  title={Counterparty},
  url={https://counterparty.io}
}
@misc{Waves,
  title={Waves White Paper},
  url={https://blog.wavesplatform.com/waves-whitepaper-164dd6ca6a23}
}
@misc{WavesCodeApplicationConf,
  title={Waves Code: ``application.conf''},
  url={https://github.com/wavesplatform/Waves/blob/a2e20be0d22a8a2475b5af123f707c8730c6a764/src/main/resources/application.conf}
}
@misc{NXT,
  title={NXT Website},
  url={https://nxtplatform.org}
}
@misc{NXTCurrencyProperties,
  title={NXT Wiki: Monetary System},
  url={https://nxtwiki.org/wiki/Monetary_System}
}
@misc{Ripple,
  title={Ripple Transactions Documentation},
  url={https://ripple.com/build/transactions/}
}
@misc{RippleFreeze,
  title={Ripple Freeze Feature Documentation},
  url={https://ripple.com/build/freeze/}
}
@misc{RippleCurrencyFormat,
  title={Ripple Currency Format Documentation},
  url={https://ripple.com/build/currency-format/}
}
@article{AtomicCrossChainTrading,
  title={Atomic Cross-Chain Trading},
  journal={Bitcoin-Wiki},
  url={en.bitcoin.it/wiki/Atomic_cross-chain_trading}
}
@article{AtomicCrossChainSwaps,
  author    = {Maurice Herlihy},
  title     = {Atomic Cross-Chain Swaps},
  journal   = {CoRR},
  volume    = {abs/1801.09515},
  year      = {2018},
  archivePrefix = {arXiv},
  eprint    = {1801.09515},
  timestamp = {Fri, 02 Feb 2018 14:20:25 +0100},
  biburl    = {http://dblp.org/rec/bib/journals/corr/abs-1801-09515},
  bibsource = {dblp computer science bibliography, http://dblp.org}
}
@misc{Cardano,
  title={Cardano},
  url={whycardano.com/}
}
@article{ChainWeb,
  title={Chainweb: A Proof-of-Work Parallel-Chain Architecture for Massive Throughput (Draft v15)},
  url={http://kadena.io/docs/chainweb-v15.pdf},
  year={2018}
}
@article{VitalikUxtoAccount,
  author = {Buterin, Vitalik},
  title = {Thoughts on UTXOs},
  journal = {Medium.com},
  year = {2016},
  url={https://medium.com/@ConsenSys/thoughts-on-utxo-by-vitalik-buterin-2bb782c67e53}
}
@article{CordaUtxoArgument,
  author = {Mike Hearn},
  title = {Rationale for and Tradeoffs in Adopting a UTXO-style model},
  year = {2016},
  journal = {Corda Blog},
  url = {https://www.corda.net/2016/12/rationale-tradeoffs-adopting-utxo-style-model/}
}
@article{QtumUTXOArgument,
  author = {Patrick Dai},
  title = {Why Qtum Chose UTXO Model and the Benefits},
  year = {2017},
  journal = {8BTC},
  url = {http://news.8btc.com/why-qtum-choose-utxo-model-and-the-benefits}
}
@article{EthereumDesignRationaleAccountNotUtxos,
  title = {Design Rationale: Blockchain-Level Protocol: Account and not UTXOs},
  journal = {Ethereum Wiki},
  url = {https://github.com/ethereum/wiki/wiki/Design-Rationale#accounts-and-not-utxos},
  year = {2017}
}
@article{BitcoinUtxoVersusAccount,
  title = {UTXO Model vs. Account/Balance Model (Forum Thread)},
  journal = {StackExchange: Bitcoin},
  url = {https://bitcoin.stackexchange.com/questions/49853/utxo-model-vs-account-balance-model},
  year = {2017}
}
@misc{TransactionGraph,
  title = {The Transaction Graph for Modeling Blockchain semantics},
  institution = {IBM Research},
  year = {2017},
  author = {Chirstian Cachin and De Caro, Angelo and Moreno-Sanchez, Pedro and B\"{o}rn Tackmann and Marko Vukoli\'{c}}
}
@article{ERC20,
  url = {github.com/ethereum/EIPs/blob/master/EIPS/eip-20.md},
  author = {Fabian Vogesteller and Vitalik Buterin},
  title = {{ERC-20} Token Standard},
  journal = {EIPs},
  year = {2015}
}
@article{BIP16,
  url = {https://github.com/bitcoin/bips/blob/master/bip-0016.mediawiki},
  author = {Gavin Andresen},
  title = {Pay To Script Hash},
  journal = {Bitcoin Improvement Proposals},
  year = {2012}
}
@misc{BitcoinInterpreter,
  url = {https://github.com/bitcoin/bitcoin/blob/595a7bab23bc21049526229054ea1fff1a29c0bf/src/script/interpreter.cpp#L1375},
  title = {Reference Implementation of the Bitcoin Interpreter}
}
@article{IOTA,
  title = {The Tangle},
  author = {Serguei Popov},
  year = {2017},
  journal = {IOTA White Paper},
  url = {iota.org/IOTA_Whitepaper.pdf}
}
@inproceedings{ProofsOfProofsOfWork,
  author    = {Aggelos Kiayias and
               Nikolaos Lamprou and
               Aikaterini{-}Panagiota Stouka},
  title     = {Proofs of Proofs of Work with Sublinear Complexity},
  booktitle = {Financial Cryptography and Data Security - {FC} 2016 International
               Workshops},
  pages     = {61--78},
  year      = {2016},
  url       = {https://doi.org/10.1007/978-3-662-53357-4_5},
  doi       = {10.1007/978-3-662-53357-4_5},
  timestamp = {Fri, 26 May 2017 00:50:27 +0200},
  biburl    = {http://dblp.org/rec/bib/conf/fc/KiayiasLS16},
  bibsource = {dblp computer science bibliography, http://dblp.org}
}
@proceedings{DBLP:conf/fc/2016w,
  editor    = {Jeremy Clark and
               Sarah Meiklejohn and
               Peter Y. A. Ryan and
               Dan S. Wallach and
               Michael Brenner and
               Kurt Rohloff},
  title     = {Financial Cryptography and Data Security - {FC} 2016 International
               Workshops, BITCOIN, VOTING, and WAHC, Christ Church, Barbados, February
               26, 2016, Revised Selected Papers},
  series    = {Lecture Notes in Computer Science},
  volume    = {9604},
  publisher = {Springer},
  year      = {2016},
  url       = {https://doi.org/10.1007/978-3-662-53357-4},
  doi       = {10.1007/978-3-662-53357-4},
  isbn      = {978-3-662-53356-7},
  timestamp = {Fri, 26 May 2017 00:50:27 +0200},
  biburl    = {http://dblp.org/rec/bib/conf/fc/2016w},
  bibsource = {dblp computer science bibliography, http://dblp.org}
}
@misc{Sidechains,
  title={Enabling Blockchain Innovations with Pegged Sidechains},
  author={Back, Adam and Corallo, Matt and Dashjr, Luke and Friedenbach, Mark and Maxwell, Gregory and Miller, Andrew and Poelstra, Andrew and Timo\'{o}n, Jorge and Wuille, Pieter},
  year={2014},
  url={https://www.blockstream.com/sidechains.pdf}
}
@article{rizun2015transaction,
  title={A Transaction Fee Market Exists Without a Block Size Limit},
  author={Rizun, Peter R},
  year={2015}
}
@article{andersen2013,
  title={Back-of-the-envelope calculations for marginal cost of transactions},
  author={Andresen, Gavin},
  url = {https://gist.github.com/gavinandresen/5044482},
  year={2013},
  publisher={No Publisher}
}
@inproceedings{eyal2016bitcoin,
  title={Bitcoin-ng: A scalable blockchain protocol},
  author={Eyal, Ittay and Gencer, Adem Efe and Sirer, Emin Gun and Van Renesse, Robbert},
  booktitle={13th USENIX Symposium on Networked Systems Design and Implementation (NSDI 16)},
  pages={45--59},
  year={2016},
  organization={USENIX Association}
}
@inproceedings{kogias2016enhancing,
  title={Enhancing bitcoin security and performance with strong consistency via collective signing},
  author={Kogias, Eleftherios Kokoris and Jovanovic, Philipp and Gailly, Nicolas and Khoffi, Ismail and Gasser, Linus and Ford, Bryan},
  booktitle={25th USENIX Security Symposium (USENIX Security 16)},
  pages={279--296},
  year={2016},
  organization={USENIX Association}
}
@inproceedings{gjermundrod2014recirculating,
  title={Recirculating Lost Coins in Cryptocurrency Systems},
  author={Gjermundr{\o}d, Harald and Dionysiou, Ioanna},
  booktitle={International Conference on Business Information Systems},
  pages={229--240},
  year={2014},
  organization={Springer}
}
@inproceedings{gjermundrod2016going,
  title={Going Beyond the Coinbase Transaction Fee: Alternative Reward Schemes for Miners in Blockchain Systems},
  author={Gjermundr{\o}d, Harald and Chalkias, Konstantinos and Dionysiou, Ioanna},
  booktitle={Proceedings of the 20th Pan-Hellenic Conference on Informatics},
  pages={35},
  year={2016},
  organization={ACM}
}
@inproceedings{ron2013quantitative,
  title={Quantitative analysis of the full bitcoin transaction graph},
  author={Ron, Dorit and Shamir, Adi},
  booktitle={International Conference on Financial Cryptography and Data Security},
  pages={6--24},
  year={2013},
  organization={Springer}
}
@misc{bitcoinDeflationarySpiral,
  title={Deflationary spiral},
  author={Bitcoin\_Wiki},
  url={https://en.bitcoin.it/wiki/Deflationary_spiral}
}
@inproceedings{barber2012bitter,
  title={Bitter to better-how to make bitcoin a better currency},
  author={Barber, Simon and Boyen, Xavier and Shi, Elaine and Uzun, Ersin},
  booktitle={International Conference on Financial Cryptography and Data Security},
  pages={399--414},
  year={2012},
  organization={Springer}
}
@inproceedings{carlsten2016instability,
  title={On the instability of bitcoin without the block reward},
  author={Carlsten, Miles and Kalodner, Harry and Weinberg, S Matthew and Narayanan, Arvind},
  booktitle={Proceedings of the 2016 ACM SIGSAC Conference on Computer and Communications Security},
  pages={154--167},
  year={2016},
  organization={ACM}
}
