% Things in the Plutus repo or nearby

@online{plutus-repo,
  title = {The Plutus repository},
  url = {https://github.com/input-output-hk/plutus}
}

@online{plutus-playgrounds,
  title = {The Plutus Playground},
  url = {https://testnet.iohkdev.io/plutus/}
}

@online{plutus-core-spec,
  title = {Formal specification of the Plutus Core language},
  url = {https://hydra.iohk.io/job/Cardano/plutus/docs.plutus-core-spec.x86_64-linux/latest/download-by-type/doc-pdf/plutus-core-specification}
}

@online{haskell-nix-repo,
  title = {The haskell.nix repository},
  url = {https://github.com/input-output-hk/haskell.nix}
}

@online{ghcjs-repo,
  title = {The GHCJS repository},
  url = {https://github.com/ghcjs/ghcjs}
}

@online{asterius-repo,
  title = {The Asterius repository},
  url = {https://github.com/tweag/asterius}
}

% IOHK papers

@inproceedings{eutxo,
  title = {The {Extended UTXO} Model},
  author = {Manuel M. T. Chakravarty and James Chapman and Kenneth
                  MacKenzie and Orestis Melkonian and Michael {Peyton
                  Jones} and Philip Wadler},
  booktitle = {Proceedings of Trusted Smart Contracts (WTSC)},
  year = 2020,
  volume = "12063",
  publisher = "Springer",
  series = "LNCS",
  note={Also available at https://github.com/input-output-hk/plutus}
}

@inproceedings{utxoma,
   title={{UTXO$_{\mathrm{ma}}$}: {UTXO} with Multi-Asset Support},
   author={Manuel M. T. Chakravarty and James Chapman and Kenneth MacKenzie and Orestis Melkonian and Jann M{\"u}ller and Michael {Peyton Jones} and Polina Vinogradova and Philip Wadler and Joachim Zahnentferner},
   year=2020,
   booktitle={International Symposium on Leveraging Applications of Formal Methods},
   organization={Springer},
   note={Also available at https://github.com/input-output-hk/plutus}
}

@inproceedings{eutxoma,
  title={Native custom tokens in the extended {UTXO} model},
  author={Chakravarty, Manuel MT and Chapman, James and MacKenzie, Kenneth and Melkonian, Orestis and M{\"u}ller, Jann and Jones, Michael Peyton and Vinogradova, Polina and Wadler, Philip},
  booktitle={International Symposium on Leveraging Applications of Formal Methods},
  pages={89--111},
  year={2020},
  organization={Springer},
  note={Also available at https://github.com/input-output-hk/plutus}
}

@inproceedings{peytonjones2019unraveling,
  title={Unraveling recursion: compiling an IR with recursion to system F},
  author={Peyton Jones, Michael and Gkoumas, Vasilis and Kireev, Roman and MacKenzie, Kenneth and Nester, Chad and Wadler, Philip},
  booktitle={International Conference on Mathematics of Program Construction},
  pages={414--443},
  year={2019},
  organization={Springer},
  url={https://hydra.iohk.io/job/Cardano/plutus/papers.unraveling-recursion.x86_64-linux/latest/download-by-type/doc-pdf/unraveling-recursion}
}

@inproceedings{chapman2019system,
  title={System F in Agda, for fun and profit},
  author={Chapman, James and Kireev, Roman and Nester, Chad and Wadler, Philip},
  booktitle={International Conference on Mathematics of Program Construction},
  pages={255--297},
  year={2019},
  organization={Springer},
  url={https://hydra.iohk.io/job/Cardano/plutus/papers.system-f-in-agda.x86_64-linux/latest/download-by-type/doc-pdf/paper}
}

@inproceedings{DBLP:conf/isola/Chakravarty0MMM20a,
  author    = {Manuel M. T. Chakravarty and
               James Chapman and
               Kenneth MacKenzie and
               Orestis Melkonian and
               Jann M{\"{u}}ller and
               Michael Peyton Jones and
               Polina Vinogradova and
               Philip Wadler and
               Joachim Zahnentferner},
  editor    = {Tiziana Margaria and
               Bernhard Steffen},
  title     = {UTXO\({}_{\mbox{sf ma}}\): {UTXO} with Multi-asset Support},
  booktitle = {Leveraging Applications of Formal Methods, Verification and Validation:
               Applications - 9th International Symposium on Leveraging Applications
               of Formal Methods, ISoLA 2020, Rhodes, Greece, October 20-30, 2020,
               Proceedings, Part {III}},
  series    = {Lecture Notes in Computer Science},
  volume    = {12478},
  pages     = {112--130},
  publisher = {Springer},
  year      = {2020},
  url       = {https://doi.org/10.1007/978-3-030-61467-6\_8},
  doi       = {10.1007/978-3-030-61467-6\_8},
  timestamp = {Wed, 28 Oct 2020 12:00:09 +0100},
  biburl    = {https://dblp.org/rec/conf/isola/Chakravarty0MMM20a.bib},
  bibsource = {dblp computer science bibliography, https://dblp.org}
}


% TODO: improve once this is more published
@article{chakravartyhydra,
  title={Hydra: Fast Isomorphic State Channels},
  author={Chakravarty, Manuel MT and Coretti, Sandro and Fitzi, Matthias and Gazi, Peter and Kant, Philipp and Kiayias, Aggelos and Russell, Alexander},
  year = {2020},
  howpublished = {\url{https://eprint.iacr.org/2020/299.pdf}}
}

% External citations

@phdthesis{Girard-thesis,
  author = {Jean-Yves Girard},
  title = {Interprétation fonctionnelle et élimination des
                 coupures de l'arith\-mé\-ti\-que d'ordre supérieur},
  school = {Universit{\'e} Paris 7},
  type = {Th\`ese d'\'Etat},
  month = jun,
  year = {1972}
}

@article{jones1998transformation,
  author = {Peyton Jones, Simon L. and Santos, Andr{\'e} L. M.},
  title = {A Transformation-based Optimiser for Haskell},
  journal = {Sci. Comput. Program.},
  issue_date = {Sept. 1998},
  volume = {32},
  number = {1-3},
  month = sep,
  year = {1998},
  issn = {0167-6423},
  pages = {3--47},
  numpages = {45},
  url = {http://dx.doi.org/10.1016/S0167-6423(97)00029-4},
  doi = {10.1016/S0167-6423(97)00029-4},
  acmid = {299621},
  publisher = {Elsevier North-Holland, Inc.},
  address = {Amsterdam, The Netherlands, The Netherlands},
  keywords = {compilers, functional languages, let-floating, linear type system, optimisation, second-order lambda calculus, strict analysis, transformation},
}

@book{pierce2002types,
  title={Types and Programming Languages},
  author={Pierce, Benjamin C.},
  year={2002},
  isbn={0-262-16209-1},
  publisher={MIT press}
}

@book{harper2012practical,
 author = {Robert Harper},
 title = {Practical Foundations for Programming Languages},
 year = {2012},
 publisher = {Cambridge University Press},
 address = {New York, NY, USA}
}

@online{inline-java-blog-post,
  author = {Dom\'inguez, Facundo and Boespflug, Mathieu},
  title = {{GHC }compiler plugins in the wild: typing {Java}},
  url={https://www.tweag.io/posts/2017-09-22-inline-java-ghc-plugin.html},
}

@article{Zahnentferner18-Chimeric,
  author    = {Joachim Zahnentferner},
  title     = {Chimeric Ledgers: Translating and Unifying {UTxO}-based and Account-based
               Cryptocurrencies},
  journal   = {{IACR} Cryptology ePrint Archive},
  volume    = {2018},
  pages     = {262},
  year      = {2018},
  url       = {http://eprint.iacr.org/2018/262},
  timestamp = {Tue, 14 Aug 2018 17:08:26 +0200},
  biburl    = {https://dblp.org/rec/bib/journals/iacr/Zahnentferner18},
  bibsource = {dblp computer science bibliography, https://dblp.org}
}


@article{Zahnentferner18-UTxO,
  author    = {Joachim Zahnentferner},
  title     = {An Abstract Model of {UTxO}-based Cryptocurrencies with Scripts},
  journal   = {{IACR} Cryptology ePrint Archive},
  volume    = {2018},
  pages     = {469},
  year      = {2018},
  url       = {https://eprint.iacr.org/2018/469},
  timestamp = {Tue, 14 Aug 2018 17:08:11 +0200},
  biburl    = {https://dblp.org/rec/bib/journals/iacr/Zahnentferner18a},
  bibsource = {dblp computer science bibliography, https://dblp.org}
}

@online{ERC-721,
  title={{ERC-721 standard for non-fungible tokens in Ethereum}},
  url={http://erc721.org/}
}

@online{cbor,
  title = {{RFC 7049 - Concise Binary Object Representation (CBOR)}},
  url = {https://tools.ietf.org/html/rfc7049},
  author={IETF}
}

@inproceedings{lindley2012embedding,
  title={Embedding F},
  author={Lindley, Sam},
  booktitle={Proceedings of the 8th ACM SIGPLAN workshop on Generic programming},
  pages={45--56},
  year={2012}
}
