@inproceedings{felleisen-cek,
    author = {Felleisen, Matthias and Friedman, Daniel P.},
    booktitle = {3rd Working Conference on the Formal Description of Programming Concepts},
    citeulike-article-id = {5906202},
    keywords = {cek},
    month = aug,
    posted-at = {2011-07-13 07:58:05},
    priority = {2},
    title = {{Control operators, the SECD-machine, and the lambda-calculus}},
    year = {1986}
}

@article{Krivine,
  author    = {Jean{-}Louis Krivine},
  title     = {A call-by-name lambda-calculus machine},
  journal   = {Higher-Order and Symbolic Computation},
  volume    = {20},
  number    = {3},
  pages     = {199--207},
  year      = {2007},
  url       = {https://doi.org/10.1007/s10990-007-9018-9},
  doi       = {10.1007/s10990-007-9018-9},
  timestamp = {Fri, 26 May 2017 22:50:49 +0200},
  biburl    = {https://dblp.org/rec/bib/journals/lisp/Krivine07},
  bibsource = {dblp computer science bibliography, https://dblp.org}
}

@ARTICLE{Sestoft,
    author = {Peter Sestoft},
    title = {Deriving a Lazy Abstract Machine},
    journal = {Journal of Functional Programming},
    year = {1997},
    volume = {7},
    pages = {231--264}
}

@article{Friedman,
 author = {Friedman, Daniel P. and Ghuloum, Abdulaziz and Siek, Jeremy G. and Winebarger, Onnie Lynn},
 title = {Improving the {L}azy {K}rivine {M}achine},
 journal = {Higher Order Symbol. Comput.},
 issue_date = {September 2007},
 volume = {20},
 number = {3},
 month = sep,
 year = {2007},
 issn = {1388-3690},
 pages = {271--293},
 numpages = {23},
 url = {http://dx.doi.org/10.1007/s10990-007-9014-0},
 doi = {10.1007/s10990-007-9014-0},
 acmid = {1325155},
 publisher = {Kluwer Academic Publishers},
 address = {Hingham, MA, USA},
 keywords = {Abstract machine, Call by need, Lambda calculus, Lazy evaluation},
} 

@article{Douence, 
 author = {Douence, R{\'e}mi and Fradet, Pascal},
 title = {The Next 700 {K}rivine Machines},
 journal = {Higher Order Symbol. Comput.},
 issue_date = {September 2007},
 volume = {20},
 number = {3},
 month = sep,
 year = {2007},
 issn = {1388-3690},
 pages = {237--255},
 numpages = {19},
 url = {http://dx.doi.org/10.1007/s10990-007-9016-y},
 doi = {10.1007/s10990-007-9016-y},
 acmid = {1325151},
 publisher = {Kluwer Academic Publishers},
 address = {Hingham, MA, USA},
 keywords = {Abstract machines, Compilation, Functional language implementations, Krivine machine, Program transformation},
} 

