@article{fixmutualgeneric,
  author = {Yakushev, Alexey Rodriguez and Holdermans, Stefan and L\"{o}h, Andres and Jeuring, Johan},
  title = {Generic Programming with Fixed Points for Mutually Recursive Datatypes},
  journal = {SIGPLAN Not.},
  issue_date = {September 2009},
  volume = {44},
  number = {9},
  month = aug,
  year = {2009},
  issn = {0362-1340},
  pages = {233--244},
  numpages = {12},
  url = {http://doi.acm.org/10.1145/1631687.1596585},
  doi = {10.1145/1631687.1596585},
  acmid = {1596585},
  publisher = {ACM},
  address = {New York, NY, USA},
  keywords = {datatype-generic programming, fixed points, {Haskell}, mutually recursive datatypes}
}

@article{typedcompilation,
  author = {Vanderwaart, Joseph C. and Dreyer, Derek and Petersen, Leaf and Crary, Karl and Harper, Robert and Cheng, Perry},
  title = {Typed Compilation of Recursive Datatypes},
  journal = {SIGPLAN Not.},
  issue_date = {March 2003},
  volume = {38},
  number = {3},
  month = jan,
  year = {2003},
  issn = {0362-1340},
  pages = {98--108},
  numpages = {11},
  url = {http://doi.acm.org/10.1145/640136.604187},
  doi = {10.1145/640136.604187},
  acmid = {604187},
  publisher = {ACM},
  address = {New York, NY, USA},
  keywords = {coercions, recursive types, standard ML, typed compilation}
}

@article{algspec,
  author    = {Alcino Cunha and
	Hugo Pacheco},
  title     = {Algebraic Specialization of Generic Functions for Recursive Types},
  journal   = {Electr. Notes Theor. Comput. Sci.},
  volume    = {229},
  number    = {5},
  pages     = {57--74},
  year      = {2011},
  url       = {https://doi.org/10.1016/j.entcs.2011.02.016},
  doi       = {10.1016/j.entcs.2011.02.016},
  timestamp = {Mon, 01 Jan 2018 17:25:12 +0100},
  biburl    = {https://dblp.org/rec/bib/journals/entcs/CunhaP11},
  bibsource = {dblp computer science bibliography, https://dblp.org}
}

@inproceedings{soprecursivedatatypes,
  author = {Miraldo, Victor Cacciari and Serrano, Alejandro},
  title = {Sums of Products for Mutually Recursive Datatypes: The Appropriationist's View on Generic Programming},
  booktitle = {Proceedings of the 3rd ACM SIGPLAN International Workshop on Type-Driven Development},
  series = {TyDe 2018},
  year = {2018},
  isbn = {978-1-4503-5825-5},
  location = {St. Louis, MO, USA},
  pages = {65--77},
  numpages = {13},
  url = {http://doi.acm.org/10.1145/3240719.3241786},
  doi = {10.1145/3240719.3241786},
  acmid = {3241786},
  publisher = {ACM},
  address = {New York, NY, USA},
  keywords = {Datatype, Generic Programming, Haskell}
}

@inproceedings{genericview,
  author    = {Stefan Holdermans and
	Johan Jeuring and
	  Andres L{\"{o}}h and
	  Alexey Rodriguez},
  title     = {Generic Views on Data Types},
  booktitle = {Mathematics of Program Construction, 8th International Conference,
	{MPC} 2006, Kuressaare, Estonia, July 3-5, 2006, Proceedings},
  pages     = {209--234},
  year      = {2006},
  crossref  = {DBLP:conf/mpc/2006},
  url       = {https://doi.org/10.1007/11783596\_14},
  doi       = {10.1007/11783596\_14},
  timestamp = {Sun, 04 Jun 2017 10:07:20 +0200},
  biburl    = {https://dblp.org/rec/bib/conf/mpc/HoldermansJLR06},
  bibsource = {dblp computer science bibliography, https://dblp.org}
}

@proceedings{DBLP:conf/mpc/2006,
  editor    = {Tarmo Uustalu},
  title     = {Mathematics of Program Construction, 8th International Conference,
	{MPC} 2006, Kuressaare, Estonia, July 3-5, 2006, Proceedings},
  series    = {Lecture Notes in Computer Science},
  volume    = {4014},
  publisher = {Springer},
  year      = {2006},
  url       = {https://doi.org/10.1007/11783596},
  doi       = {10.1007/11783596},
  isbn      = {3-540-35631-2},
  timestamp = {Sun, 04 Jun 2017 10:07:20 +0200},
  biburl    = {https://dblp.org/rec/bib/conf/mpc/2006},
  bibsource = {dblp computer science bibliography, https://dblp.org}
}

@inproceedings{truesop,
  author    = {Edsko de Vries and
	Andres L{\"{o}}h},
  title     = {True sums of products},
  booktitle = {Proceedings of the 10th {ACM} {SIGPLAN} workshop on Generic programming,
	{WGP} 2014, Gothenburg, Sweden, August 31, 2014},
  pages     = {83--94},
  year      = {2014},
  crossref  = {DBLP:conf/icfp/2014wgp},
  url       = {https://doi.org/10.1145/2633628.2633634},
  doi       = {10.1145/2633628.2633634},
  timestamp = {Tue, 06 Nov 2018 16:59:24 +0100},
  biburl    = {https://dblp.org/rec/bib/conf/icfp/VriesL14},
  bibsource = {dblp computer science bibliography, https://dblp.org}
}

@proceedings{DBLP:conf/icfp/2014wgp,
  editor    = {Jos{\'{e}} Pedro Magalh{\~{a}}es and
	Tiark Rompf},
  title     = {Proceedings of the 10th {ACM} {SIGPLAN} workshop on Generic programming,
	{WGP} 2014, Gothenburg, Sweden, August 31, 2014},
  publisher = {{ACM}},
  year      = {2014},
  url       = {https://doi.org/10.1145/2633628},
  doi       = {10.1145/2633628},
  isbn      = {978-1-4503-3042-8},
  timestamp = {Tue, 06 Nov 2018 16:59:24 +0100},
  biburl    = {https://dblp.org/rec/bib/conf/icfp/2014wgp},
  bibsource = {dblp computer science bibliography, https://dblp.org}
}

@InProceedings{polytypicterms,
  author =   {Jansson, Patrik and Jeuring, Johan},
  title =    {A Framework for Polytypic Programming on Terms, with
	an Application to Rewriting},
  booktitle =    WGP,
  publisher =    "Utrecht University",
  note =     "UU-CS-2000-19",
  year =     2000
}

@article{dreyerrecursion,
  author = {Dreyer, Derek},
  title = {A Type System for Well-founded Recursion},
  journal = {SIGPLAN Not.},
  issue_date = {January 2004},
  volume = {39},
  number = {1},
  month = jan,
  year = {2004},
  issn = {0362-1340},
  pages = {293--305},
  numpages = {13},
  url = {http://doi.acm.org/10.1145/982962.964026},
  doi = {10.1145/982962.964026},
  acmid = {964026},
  publisher = {ACM},
  address = {New York, NY, USA},
  keywords = {effect systems, recursion, recursive modules, type systems}
}

@phdthesis{dreyer2005understanding,
  author = {Dreyer, Derek},
  title = {Understanding and Evolving the {ML} Module System},
  year = {2005},
  isbn = {0-542-01550-1},
  note = {AAI3166274},
  school = {Carnegie Mellon University},
  publisher = {Carnegie Mellon University},
  address = {Pittsburgh, PA, USA},
} 

@book{pierce2002types,
  title={Types and Programming Languages},
  author={Pierce, Benjamin C.},
  year={2002},
  isbn={0-262-16209-1},
  publisher={MIT press}
}

@article{jones1998transformation,
  author = {Peyton Jones, Simon L. and Santos, Andr{\'e} L. M.},
  title = {A Transformation-based Optimiser for Haskell},
  journal = {Sci. Comput. Program.},
  issue_date = {Sept. 1998},
  volume = {32},
  number = {1-3},
  month = sep,
  year = {1998},
  issn = {0167-6423},
  pages = {3--47},
  numpages = {45},
  url = {http://dx.doi.org/10.1016/S0167-6423(97)00029-4},
  doi = {10.1016/S0167-6423(97)00029-4},
  acmid = {299621},
  publisher = {Elsevier North-Holland, Inc.},
  address = {Amsterdam, The Netherlands, The Netherlands},
  keywords = {compilers, functional languages, let-floating, linear type system, optimisation, second-order lambda calculus, strict analysis, transformation},
}

@inproceedings{henk,
  author = {Peyton Jones, Simon and Meijer, Erik},
  title = {Henk: A Typed Intermediate Language},
  booktitle = {In Proc. First Int'l Workshop on Types in Compilation},
  year = {1997}
}

@inproceedings{scott,
  author = {Koopman, Pieter and Plasmeijer, Rinus and Jansen, Jan Martin},
  title = {Church Encoding of Data Types Considered Harmful for Implementations: Functional Pearl},
  booktitle = {Proceedings of the 26th 2014 International Symposium on Implementation and Application of Functional Languages},
  series = {IFL '14},
  year = {2014},
  isbn = {978-1-4503-3284-2},
  location = {Boston, MA, USA},
  pages = {4:1--4:12},
  articleno = {4},
  numpages = {12},
  url = {http://doi.acm.org/10.1145/2746325.2746330},
  doi = {10.1145/2746325.2746330},
  acmid = {2746330},
  publisher = {ACM},
  address = {New York, NY, USA},
  keywords = {Church Numbers, Data Types, Implementation, Parigot Encoding, Scott Encoding}
} 

@article{modgenrec,
  author = {Bove, Ana and Capretta, Venanzio},
  title = {Modelling General Recursion in Type Theory},
  journal = {Mathematical. Structures in Comp. Sci.},
  issue_date = {August 2005},
  volume = {15},
  number = {4},
  month = aug,
  year = {2005},
  issn = {0960-1295},
  pages = {671--708},
  numpages = {38},
  url = {http://dx.doi.org/10.1017/S0960129505004822},
  doi = {10.1017/S0960129505004822},
  acmid = {1089908},
  publisher = {Cambridge University Press},
  address = {New York, NY, USA}
} 

@inproceedings{loh2011generic,
  author = {L\"{o}h, Andres and Magalh\~{a}es, Jos{\'e} Pedro},
  title = {Generic Programming with Indexed Functors},
  booktitle = {Proceedings of the Seventh ACM SIGPLAN Workshop on Generic Programming},
  series = {WGP '11},
  year = {2011},
  isbn = {978-1-4503-0861-8},
  location = {Tokyo, Japan},
  pages = {1--12},
  numpages = {12},
  url = {http://doi.acm.org/10.1145/2036918.2036920},
  doi = {10.1145/2036918.2036920},
  acmid = {2036920},
  publisher = {ACM},
  address = {New York, NY, USA},
  keywords = {agda, datatype-generic programming, dependently-typed programming, indexed functor},
}

@misc{olegfixpoints,
  title = {Many faces of the fixed-point combinator},
  howpublished = {\url{http://okmij.org/ftp/Computation/fixed-point-combinators.html}},
  month = aug,
  year = {2013},
  note = {Accessed: 2019-02-21},
  author={Kiselyov, Oleg}
}

@inproceedings{hirschowitz2003compilation,
  author = {Hirschowitz, Tom and Leroy, Xavier and Wells, J. B.},
  title = {Compilation of Extended Recursion in Call-by-value Functional Languages},
  booktitle = {Proceedings of the 5th ACM SIGPLAN International Conference on Principles and Practice of Declaritive Programming},
  series = {PPDP '03},
  year = {2003},
  isbn = {1-58113-705-2},
  location = {Uppsala, Sweden},
  pages = {160--171},
  numpages = {12},
  url = {http://doi.acm.org/10.1145/888251.888267},
  doi = {10.1145/888251.888267},
  acmid = {888267},
  publisher = {ACM},
  address = {New York, NY, USA},
  keywords = {compilation, functional languages, recursion, semantics},
}

@article{syme2006initializing,
  author = {Syme, Don},
  title = {Initializing Mutually Referential Abstract Objects: The Value Recursion Challenge},
  journal = {Electron. Notes Theor. Comput. Sci.},
  issue_date = {March, 2006},
  volume = {148},
  number = {2},
  month = mar,
  year = {2006},
  issn = {1571-0661},
  pages = {3--25},
  numpages = {23},
  url = {http://dx.doi.org/10.1016/j.entcs.2005.11.038},
  doi = {10.1016/j.entcs.2005.11.038},
  acmid = {1706931},
  publisher = {Elsevier Science Publishers B. V.},
  address = {Amsterdam, The Netherlands, The Netherlands},
  keywords = {GUI Programming, Initialization Graphs, ML, Value recursion},
}

@inproceedings{nordlander2008unrestricted,
  author = {Nordlander, Johan and Carlsson, Magnus and Gill, Andy J.},
  title = {Unrestricted Pure Call-by-value Recursion},
  booktitle = {Proceedings of the 2008 ACM SIGPLAN Workshop on ML},
  series = {ML '08},
  year = {2008},
  isbn = {978-1-60558-062-3},
  location = {Victoria, BC, Canada},
  pages = {23--34},
  numpages = {12},
  url = {http://doi.acm.org/10.1145/1411304.1411309},
  doi = {10.1145/1411304.1411309},
  acmid = {1411309},
  publisher = {ACM},
  address = {New York, NY, USA},
  keywords = {call-by-value, combinator libraries, implementation, semantics, value recursion},
}

@article{goldberg2005variadic,
  author = {Goldberg, Mayer},
  title = {A Variadic Extension of Curry's Fixed-Point Combinator},
  journal = {Higher Order Symbol. Comput.},
  issue_date = {December  2005},
  volume = {18},
  number = {3-4},
  month = dec,
  year = {2005},
  issn = {1388-3690},
  pages = {371--388},
  numpages = {18},
  url = {http://dx.doi.org/10.1007/s10990-005-4881-8},
  doi = {10.1007/s10990-005-4881-8},
  acmid = {1103779},
  publisher = {Kluwer Academic Publishers},
  address = {Hingham, MA, USA},
  keywords = {Scheme, applicative order, fixed points, fixed-point combinators, lambda-calculus, variadic functions},
} 

@article{soto1984self,
  title={Self-reference and fixed points: a discussion and an extension of Lawvere's theorem},
  author={Soto-Andrade, Jorge and Varela, Francisco J},
  journal={Acta Applicandae Mathematica},
  volume={2},
  number={1},
  pages={1--19},
  year={1984},
  publisher={Springer}
}

@book{Harper:PFPL,
 author = {Robert Harper},
 title = {Practical Foundations for Programming Languages},
 year = {2012},
 isbn = {1107029570, 9781107029576},
 publisher = {Cambridge University Press},
 address = {New York, NY, USA}
} 

@unpublished{plotkin,
  author = {Mart\'{i}n Abadi and Luca Cardelli and Gordon Plotkin},
  title = {Types for the {Scott} numerals},
  year = 1993
}

@inproceedings{dreyer:recursive-modules,
  author = {Dreyer, Derek},
  title = {A Type System for Recursive Modules},
  booktitle = {Proceedings of the 12th ACM SIGPLAN International Conference on Functional Programming},
  series = {ICFP '07},
  year = {2007},
  isbn = {978-1-59593-815-2},
  location = {Freiburg, Germany},
  pages = {289--302},
  numpages = {14},
  url = {http://doi.acm.org/10.1145/1291151.1291196},
  doi = {10.1145/1291151.1291196},
  acmid = {1291196},
  publisher = {ACM},
  address = {New York, NY, USA},
  keywords = {abstract data types, modules, recursion, type systems},
} 

@inproceedings{cai-giarrusso-ostermann,
  author = {Cai, Yufei and Giarrusso, Paolo G. and Ostermann, Klaus},
  title = {System {F-omega} with Equirecursive Types for Datatype-generic Programming},
  booktitle = {Proceedings of the 43rd Annual ACM SIGPLAN-SIGACT Symposium on Principles of Programming Languages},
  series = {POPL '16},
  year = {2016},
  isbn = {978-1-4503-3549-2},
  location = {St. Petersburg, FL, USA},
  pages = {30--43},
  numpages = {14},
  url = {http://doi.acm.org/10.1145/2837614.2837660},
  doi = {10.1145/2837614.2837660},
  acmid = {2837660},
  publisher = {ACM},
  address = {New York, NY, USA},
  keywords = {Datatype-generic programming, equirecursive types, functors}
} 

@inproceedings{stirling,
  author = {Stirling, Colin},
  title = {Proof Systems for Retracts in Simply Typed Lambda Calculus},
  booktitle = {Proceedings of the 40th International Conference on Automata, Languages, and Programming - Volume Part II},
  series = {ICALP'13},
  year = {2013},
  isbn = {978-3-642-39211-5},
  location = {Riga, Latvia},
  pages = {398--409},
  numpages = {12},
  url = {http://dx.doi.org/10.1007/978-3-642-39212-2{\_}36},
  doi = {10.1007/978-3-642-39212-2{\_}36},
  acmid = {2526010},
  publisher = {Springer-Verlag},
  address = {Berlin, Heidelberg},
} 

@article{brady2013idris,
  title={Idris, a general-purpose dependently typed programming language: Design and implementation},
  author={Brady, Edwin},
  journal={Journal of Functional Programming},
  volume={23},
  number={5},
  pages={552--593},
  year={2013},
  publisher={Cambridge University Press},
  url={https://doi.org/10.1017/S095679681300018X},
  doi={10.1017/S095679681300018X}
}

@InProceedings{altenkirch.reus:welltyped,
  author    = {Thorsten Altenkirch and
               Bernhard Reus},
  title     = {Monadic Presentations of Lambda Terms Using Generalized Inductive
               Types},
  booktitle = {Computer Science Logic, 13th International Workshop, {CSL} '99, 8th
               Annual Conference of the EACSL, Madrid, Spain, September 20-25, 1999,
               Proceedings},
  pages     = {453--468},
  year      = {1999},
  url       = {https://doi.org/10.1007/3-540-48168-0\_32},
  doi       = {10.1007/3-540-48168-0\_32},
  timestamp = {Wed, 24 May 2017 15:40:43 +0200},
  biburl    = {https://dblp.org/rec/bib/conf/csl/AltenkirchR99},
  bibsource = {dblp computer science bibliography, https://dblp.org}
}

@inproceedings{Brown2017,
  author = {Brown, Matt and Palsberg, Jens},
  title = {Typed Self-evaluation via Intensional Type Functions},
  booktitle = {Proceedings of the 44th ACM SIGPLAN Symposium on Principles of Programming Languages},
  series = {POPL 2017},
  year = {2017},
  isbn = {978-1-4503-4660-3},
  location = {Paris, France},
  pages = {415--428},
  numpages = {14},
  url = {http://doi.acm.org/10.1145/3009837.3009853},
  doi = {10.1145/3009837.3009853},
  acmid = {3009853},
  publisher = {ACM},
  address = {New York, NY, USA},
  keywords = {Lambda Calculus, Meta Programming, Self Evaluation, Self Interpretation, Self Representation, Type Equality},
} 

@misc{plutusplayground,
  title = {Plutus Playground},
  howpublished = {\url{https://prod.playground.plutus.iohkdev.io/}},
  month = may,
  year = {2019},
  note = {Accessed: 2019-05-01},
  author={IOHK}
}

@misc{plutusgithub,
  title = {Plutus},
  howpublished = {\url{https://github.com/input-output-hk/plutus}},
  month = may,
  year = {2019},
  note = {Accessed: 2019-05-01},
  author={IOHK}
}

@inproceedings{mitchell1988abstract,
  author = {Mitchell, John C. and Plotkin, Gordon D.},
  title = {Abstract Types Have Existential Types},
  booktitle = {Proceedings of the 12th ACM SIGACT-SIGPLAN Symposium on Principles of Programming Languages},
  series = {POPL '85},
  year = {1985},
  isbn = {0-89791-147-4},
  location = {New Orleans, Louisiana, USA},
  pages = {37--51},
  numpages = {15},
  url = {http://doi.acm.org/10.1145/318593.318606},
  doi = {10.1145/318593.318606},
  acmid = {318606},
  publisher = {ACM},
  address = {New York, NY, USA},
} 

@book{eilenberg-steenrod,
  author = {Norman Steenrod and Samuel Eilenberg},
  title = {Foundations of Algebraic Topology},
  year = {1952},
  publisher = {Princeton University Press},
  isbn = {1400877490, 9781400877492}
}

@book{fulton1995algebraic,
  title={Algebraic Topology: A First Course},
  author={Fulton, William},
  series={Graduate Texts in Mathematics},
  volume=153,
  year={1995},
  publisher={Springer--Verlag},
  isbn = {1461241804, 9781461241805}
}

@book{bredon1993topology,
  title={Topology and Geometry},
  author={Bredon, Glen E.},
  series={Graduate Texts in Mathematics},
  volume=139,
  year={1993},
  publisher={Springer--Verlag},
  isbn = {1475768486, 9781475768480}
}

@inproceedings{steele2017s,
  title={It's Time for a New Old Language.},
  author={Steele Jr, Guy L},
  booktitle={PPOPP},
  pages={1},
  year={2017}
}

@phdthesis{leroy1990zinc,
  title={The ZINC experiment: an economical implementation of the ML language},
  author={Leroy, Xavier},
  year={1990},
  school={INRIA}
}

@phdthesis{norell2007towards,
  title={Towards a practical programming language based on dependent type theory},
  author={Norell, Ulf},
  year={2007},
  school={Chalmers University of Technology}
}

@inproceedings{backhouseetal98,
  author = "Backhouse, R. and Jansson, P. and Jeuring, J. and Meertens, L.",
  title = "Generic Programming --- An Introduction",
  booktitle = {LNCS},
  pages = "28--115",
  volume = "1608",
  publisher = "Springer-Verlag",
  notes = "Revised version of lecture notes for AFP'98.",
  year = "1999"
}

@inproceedings{danvy1992thunks,
  author    = {Olivier Danvy and John Hatcliff},
  title     = {Thunks (Continued)},
  booktitle = {Actes WSA'92 Workshop on Static Analysis (Bordeaux, France), September
               1992, Laboratoire Bordelais de Recherche en Informatique (LaBRI),
               Proceedings},
  pages     = {3--11},
  year      = {1992},
  timestamp = {Thu, 12 Jul 2018 08:27:45 +0200},
  biburl    = {https://dblp.org/rec/bib/conf/sas/DanvyH92},
  bibsource = {dblp computer science bibliography, https://dblp.org}
}

@techreport{steele1976lambda,
  author = {Steele, Guy L and Sussman, Gerald J},
  title = {Lambda: The Ultimate Imperative},
  year = {1976},
  source = {http://www.ncstrl.org:8900/ncstrl/servlet/search?formname=detail\&id=oai%3Ancstrlh%3Amitai%3AMIT-AILab%2F%2FAIM-353},
  publisher = {Massachusetts Institute of Technology},
  address = {Cambridge, MA, USA},
} 

@inproceedings{chapman2019systemf,
  title={System {F} in {Agda}, for Fun and Profit},
  author={Chapman, James and Kireev, Roman and Nester, Chad and Wadler, Philip},
  booktitle={Mathematics of Program Construction. LNCS},
  year={2019},
  doi = {10.1007/978-3-030-33636-3\_10}
}

